@online{minesweeperinfo,
    title = {Windows Minesweeper},
    url = {http://www.minesweeper.info/wiki/Windows_Minesweeper}
}

@online{playminesweeper,
    title = {Play Minesweeper},
    url = {http://www.play-minesweeper.com/},
}

@article{bercerra2015,
    author = {David Bercerra},
    title = {Algorithmic Approaches to Playing Minesweeper},
    year = {2015}
}

@article{Kaye2000,
  doi = {10.1007/bf03025367},
  url = {https://doi.org/10.1007/bf03025367},
  year = {2000},
  month = mar,
  publisher = {Springer Science and Business Media {LLC}},
  volume = {22},
  number = {2},
  pages = {9--15},
  author = {Richard Kaye},
  title = {Minesweeper is {NP}-complete},
  journal = {The Mathematical Intelligencer}
}

@online{wiki_tsp,
    title = {Problém s obchodního cestujícího},
    url = {https://cs.wikipedia.org/wiki/Problém_obchodního_cestujícího}
}

@article{Scott2011,
  doi = {10.1007/s00283-011-9256-x},
  url = {https://doi.org/10.1007/s00283-011-9256-x},
  year = {2011},
  month = nov,
  publisher = {Springer Science and Business Media {LLC}},
  volume = {33},
  number = {4},
  pages = {5--17},
  author = {Allan Scott and Ulrike Stege and Iris van Rooij},
  title = {Minesweeper May Not Be {NP}-Complete but Is Hard Nonetheless},
  journal = {The Mathematical Intelligencer}
}